<?xml version="1.0" encoding="UTF-8"?><record xmlns="http://www.loc.gov/MARC21/slim" xmlns:cinclude="http://apache.org/cocoon/include/1.0" xmlns:zs="http://www.loc.gov/zing/srw/">
  <leader>00498nz  a2200133n  4500</leader>
  <controlfield tag="001">n  87869573 </controlfield>
  <controlfield tag="003">DLC</controlfield>
  <controlfield tag="005">19870925062154.6</controlfield>
  <controlfield tag="008">870824n| acannaab|          |n aaa ||| b</controlfield>
  <datafield tag="010" ind1=" " ind2=" ">
    <subfield code="a">n  87869573 </subfield>
  </datafield>
  <datafield tag="040" ind1=" " ind2=" ">
    <subfield code="a">DNLM</subfield>
    <subfield code="c">DLC</subfield>
  </datafield>
  <datafield tag="100" ind1="1" ind2="0">
    <subfield code="a">Kent, Barbara,</subfield>
    <subfield code="d">1940-</subfield>
  </datafield>
  <datafield tag="670" ind1=" " ind2=" ">
    <subfield code="a">Human aging research, c1988:</subfield>
    <subfield code="b">CIP t.p. (Barbara Kent, Ph.D., associate prof., Physiology &amp; Biophysics &amp; Geriatrics &amp; Adult Dev., Mount Sinai Sch. of Med., New York, NY)</subfield>
  </datafield>
  <datafield tag="670" ind1=" " ind2=" ">
    <subfield code="a">Phone call to pub., 8/3/87</subfield>
    <subfield code="b">(Barbara Kent, b. 7/29/40)</subfield>
  </datafield>
</record>